
@Misc{cite1,
  key    = "web:cite1",
  author = "{wikibooks.org}",
  title =  "{OpenGL Programming/Post-Processing}",
  note   = "\\ \url{http://en.wikibooks.org/wiki/OpenGL_Programming/Post-Processing}",
}

@Misc{cite2,
  key    = "web:cite2",
  author = "{Alexei Sholik}",
  title =  "{Ripple fragment}",
  note   = "\\ \url{https://gist.github.com/alco/3070640}",
}

@Misc{cite3,
  key    = "web:cite3",
  author = "{Martin Christen}",
  title =  "{Loading, Compiling, Linking, and Using GLSL Programs}",
  note   = "\\ \url{http://www.opengl.org/sdk/docs/tutorials/ClockworkCoders/loading.php}",
}

@Misc{cite4,
  key    = "web:cite4",
  author = "{blitzbasic.com}",
  title =  "{image processing with glsl shaders}",
  note   = "\\ \url{http://www.blitzbasic.com/Community/posts.php?topic=85263}",
}

@Misc{cite5,
  key    = "web:cite5",
  author = "{open.gl}",
  title =  "{Framebuffers}",
  note   = "\\ \url{http://open.gl/framebuffers}",
}

